<record><leader>00000cas a2200000 a 4500</leader><controlfield tag="001">33464795</controlfield><controlfield tag="008">951110d189819uucaucr ne      0    0eng c</controlfield><datafield ind1=" " ind2=" " tag="010"><subfield code="a">sn 95062151 </subfield></datafield><datafield ind1=" " ind2=" " tag="040"><subfield code="a">CNK</subfield><subfield code="b">eng</subfield><subfield code="c">CNK</subfield><subfield code="d">CNK</subfield><subfield code="d">OCLCQ</subfield><subfield code="d">OCLCF</subfield><subfield code="d">OCLCO</subfield></datafield><datafield ind1="1" ind2=" " tag="029"><subfield code="a">AU@</subfield><subfield code="b">000012081807</subfield></datafield><datafield ind1=" " ind2=" " tag="042"><subfield code="a">pcc</subfield></datafield><datafield ind1=" " ind2=" " tag="043"><subfield code="a">n-us-ca</subfield></datafield><datafield ind1="0" ind2=" " tag="130"><subfield code="a">Semi-weekly breeze (San Luis Obispo, Calif.)</subfield></datafield><datafield ind1="1" ind2="4" tag="245"><subfield code="a">The semi-weekly breeze.</subfield></datafield><datafield ind1=" " ind2=" " tag="260"><subfield code="a">San Luis Obispo, Calif. :</subfield><subfield code="b">Breeze Pub. Co.</subfield></datafield><datafield ind1=" " ind2=" " tag="300"><subfield code="a">v.</subfield></datafield><datafield ind1=" " ind2=" " tag="310"><subfield code="a">Semiweekly</subfield></datafield><datafield ind1="0" ind2=" " tag="362"><subfield code="a">No. 155 (Jan. 4, 1898)-no. 259 (Dec. 30, 1898) ; v. 3, no. 1 (Jan. 3, 1899)-</subfield></datafield><datafield ind1=" " ind2=" " tag="530"><subfield code="a">Master negatives are available for duplication from:</subfield><subfield code="b">California Newspaper Microfilm Archive;</subfield><subfield code="c">positive copies may be purchased by the reel; for further information consult the CNMA at:</subfield><subfield code="u">http://cbsr.ucr.edu</subfield></datafield><datafield ind1=" " ind2="0" tag="651"><subfield code="a">San Luis Obispo (Calif.)</subfield><subfield code="v">Newspapers.</subfield></datafield><datafield ind1=" " ind2="7" tag="655"><subfield code="a">Newspapers.</subfield><subfield code="2">fast</subfield><subfield code="0">(OCoLC)fst01423814</subfield></datafield><datafield ind1=" " ind2="7" tag="651"><subfield code="a">California</subfield><subfield code="z">San Luis Obispo.</subfield><subfield code="2">fast</subfield><subfield code="0">(OCoLC)fst01202846</subfield></datafield><datafield ind1=" " ind2=" " tag="752"><subfield code="a">United States</subfield><subfield code="b">California</subfield><subfield code="c">San Luis Obispo</subfield><subfield code="d">San Luis Obispo.</subfield></datafield><datafield ind1="0" ind2=" " tag="775"><subfield code="t">San Luis Obispo breeze</subfield><subfield code="w">(DLC)sn 93052130</subfield></datafield><datafield ind1="0" ind2="0" tag="780"><subfield code="t">San Luis Obispo breeze (San Luis Obispo, Calif. : Weekly)</subfield><subfield code="w">(DLC)sn 95062150</subfield></datafield></record>